<?xml version="1.0" encoding="UTF-8"?><collection xmlns="http://www.loc.gov/MARC21/slim"><record><leader>00574nam--2200193-i-4500</leader><controlfield tag="001">000010002</controlfield><controlfield tag="002">20161230</controlfield><controlfield tag="005">20161230201028</controlfield><controlfield tag="008">060222s1000------------r-----000-0-rus-d</controlfield><datafield ind1=" " ind2=" " tag="040"><subfield code="a">IFIN-HH</subfield></datafield><datafield ind1=" " ind2=" " tag="041"><subfield code="a">rus</subfield></datafield><datafield ind1=" " ind2=" " tag="080"><subfield code="a">537.8:539.1:539.2</subfield></datafield><datafield ind1="1" ind2=" " tag="100"><subfield code="a">Tamm,I.E</subfield></datafield><datafield ind1="1" ind2="0" tag="245"><subfield code="a">Sobrahie naucinih trudov</subfield><subfield code="b">V dvuh tomah</subfield><subfield code="c">I.e. tamm</subfield></datafield><datafield ind1=" " ind2=" " tag="260"><subfield code="a">Moskva</subfield><subfield code="b">Nauka</subfield><subfield code="c">1975</subfield></datafield><datafield ind1=" " ind2=" " tag="300"><subfield code="a">2 VOLUME</subfield></datafield><datafield ind1="1" ind2=" " tag="787"><subfield code="a">Tom Ii</subfield><subfield code="h">488p</subfield><subfield code="t">Teoria Elementarnih Ceastit I Vzaimodeistvii Pri Visokih Energiiah, Fundamentalnie Problemi, Raznoe</subfield></datafield><datafield ind1=" " ind2=" " tag="852"><subfield code="a">42833</subfield><subfield code="c">539</subfield></datafield><datafield ind1=" " ind2=" " tag="CAT"><subfield code="a">Sys</subfield><subfield code="c">20111011</subfield><subfield code="h">090751</subfield></datafield></record></collection>